@misc{ IMDb_DataCreation,
	author = "IMDb.com, Inc.",
	title = "IMDb: How/where do you get your information? How accurate/reliable is it?",
	year = "2014",
	url = {http://www.imdb.com/help/show_leaf?infosource} ,
	note = "[Online; Date of access: 5th of August 2014]"
 }
 
 
@INPROCEEDINGS{LMDB,
    author = {Oktie Hassanzadeh and Mariano Consens},
    title = {M.: Linked movie data base},
    booktitle = {Workshop on Linked Data on the Web (LDOW 2009)},
    year = {2009}
}
 
 
@article{MovieSummarization,
  author    = {Andreas Thalhammer and
               Ioan Toma and
               Antonio J. Roa-Valverde and
               Dieter Fensel},
  title     = {Leveraging Usage Data for Linked Data Movie Entity Summarization},
  journal   = {CoRR},
  volume    = {abs/1204.2718},
  year      = {2012},
  ee        = {http://arxiv.org/abs/1204.2718},
  bibsource = {DBLP, http://dblp.uni-trier.de}
}
 

@misc{linkedData_DesignIssues,
	author = "Tim Berners-Lee",
	title = "Linked Data ",
	year = 2009,
	url = {http://www.w3.org/DesignIssues/LinkedData.html} ,
	note = "[Online; Date of Access 11th of August 2014]"
 }
 
 @inproceedings{SensorData,
 author = {Le-Phuoc, Danh and Parreira, Josiane Xavier and Hausenblas, Michael and Han, Yuanbo and Hauswirth, Manfred},
 title = {Live Linked Open Sensor Database},
 booktitle = {Proceedings of the 6th International Conference on Semantic Systems},
 series = {I-SEMANTICS '10},
 year = {2010},
 isbn = {978-1-4503-0014-8},
 location = {Graz, Austria},
 pages = {46:1--46:4},
 articleno = {46},
 numpages = {4},
 url = {http://doi.acm.org/10.1145/1839707.1839763},
 doi = {10.1145/1839707.1839763},
 acmid = {1839763},
 publisher = {ACM},
 address = {New York, NY, USA},
 keywords = {linked sensor, sensor mashup, sensor stream}
} 

@article{osCommerce,
title = {Triplification of the open-source online shop system osCommerce},
journal = {I-SEMANTICS '08 : International Conference on Semantic Systems},
author = {Elias Theodorou},
year = 2008
}

@inproceedings{openDrugData,
   author              = {Anja Jentzsch and 
                          Jun Zhao and 
                          Oktie Hassanzadeh and 
                          Kei-Hoi Cheung and 
                          Matthias Samwald and 
                          Bo Andersson},
   title               = {Linking Open Drug Data.},
   booktitle           = {I-SEMANTICS},
   year                = {2009},
   ee                  = {http://i-semantics.tugraz.at/2009/triplification/05_TriplificationChallengeLODD.pdf}
}

@misc{ smm,
author = {Tanja Bergmann and Stefan Bunk and Johannes Eschrig and Daniel Roeder and Ricarda Schueler},
title = {Erstellen eines Linked-Data-Fußballsatzes},
year = {2013} 
}

 

@misc{ wiki:xxx,
	author = "Wikipedia",
	title = "BibTeX --- Wikipedia{,} Die freie Enzyklopädie",
	year = 2010,
	url = { http://de.wikipedia.org/w/index.php?title=BibTeX&oldid=75043260} ,
	note = "[Online; Stand 22. Juni 2010]"
 }
 
@misc{ bibstyle,
	author = "Guy",
	title = "BibTeX and bibliography styles",
	year = "2010",
	url = {http://amath.colorado.edu/documentation/LaTeX/reference/faq/bibstyles.html} ,
	note = "[Online; Stand 22. Juni 2010]"
 }

 @article{lin1973,
	author  = {Shen Lin and Brian W. Kernighan},
	title   = {An Effective Algorithm for the Travelling-Salesman Problem},
	journal = {Operations Research},
	volume  = {21},
	year    = {1973},
	pages   = {498--516},
 }

@article{marchionini,
	address = {{New York, NY, USA}},
	author = {Gary Marchionini},
	journal = {Commun. ACM},
	number = {4},
	pages = {41--46},
	publisher = {ACM},
	title = {{Exploratory search: from finding to understanding}},
	volume = {49},
	year = {2006},
	issn = {0001-0782},
}

@inproceedings{ecs13135,
	booktitle = {SIGCHI 2007 Workshop on Exploratory Search and HCI},
	title = {Bridging the Gap: Using IR Models for Evaluating Exploratory Search Interfaces},
	author = {Max L. Wilson and m.c. schraefel},
	year = {2007}
 }
@inproceedings{citeulike:1220034,
	author = {Kraaij, Wessel and Post, Wilfried},
	booktitle = {Proc. of First Workshop on Evaluating Exploratory Search Systems: SIGIR 2006.},
	citeulike-article-id = {1220034},
	citeulike-linkout-0 = {http://mediaminer.telecom.tno.nl/publications/ess-kraaij-post.pdf},
	keywords = {adaptive, b, context, evaluation, ir, study, trecvid},
	month = {August},
	posted-at = {2007-04-11 09:34:29},
	priority = {0},
	publisher = {ACM Press},
	title = {Task based evaluation of exploratory search systems},
	year = {2006}
}


@inproceedings{WS09,
 	author = {J\"org Waitelonis and Harald Sack},
 	title = {Augmenting Video Search with Linked Open Data},
 	booktitle = {Proc. of Int. Conf. on Semantic Systems 2009},
 	year = {2009},
 	location = {Graz},
 	month = {September}
 }

@techreport{lom,
	Author = {Wayne Hodgins and Erik Duval},
	Biburl = {http://www.bibsonomy.org/bibtex/2c1773fe7e746ce5a239f6442c4879cf5/lysander07},
	Citeulike-Article-Id = {1158615},
	Date-Added = {2009-04-06 00:36:39 +0200},
	Date-Modified = {2009-04-06 00:58:59 +0200},
	Institution = {ISO/IEC},
	Number = {IEEE P1484.12.2/D1},
	Keywords = {lom i2cs09 metadata},
	Posted-At = {2007-03-13 21:17:14},
	Priority = {2},
	Title = {{Draft standard for learning technology - Learning Object Metadata - ISO/IEC 11404}},
	Year = 2002
}

@article{Hausenblas:IEEEIC09,
	Author = {M. Hausenblas},
	Date-Added = {2009-04-01 18:43:22 +0200},
	Date-Modified = {2009-04-01 18:43:22 +0200},
	Journal = {IEEE Internet Computing},
	Keywords = {imported},
	Number = {5},
	Pages = {34--42},
	Title = {{Exploiting Linked Data For Building Web Applications}},
	Volume = {2},
	Year = 2009
}
